<record><leader>00000cas a2200000 a 4500</leader><controlfield tag="001">41947892</controlfield><controlfield tag="008">990723d19461946vtumr ne      0    0eng c</controlfield><datafield ind1=" " ind2=" " tag="010"><subfield code="a">sn 99067910 </subfield></datafield><datafield ind1=" " ind2=" " tag="040"><subfield code="a">NVN</subfield><subfield code="b">eng</subfield><subfield code="c">NVN</subfield><subfield code="d">OCLCQ</subfield><subfield code="d">OCLCF</subfield><subfield code="d">OCLCO</subfield></datafield><datafield ind1=" " ind2=" " tag="042"><subfield code="a">pcc</subfield></datafield><datafield ind1=" " ind2=" " tag="043"><subfield code="a">n-us-vt</subfield></datafield><datafield ind1="0" ind2="0" tag="245"><subfield code="a">Vermont co-op news-letter.</subfield></datafield><datafield ind1="3" ind2=" " tag="246"><subfield code="a">Vermont coop newsletter</subfield></datafield><datafield ind1=" " ind2=" " tag="260"><subfield code="a">Bradford, Vt. :</subfield><subfield code="b">Vermont Co-operative Creamery, Inc.,</subfield><subfield code="c">1946.</subfield></datafield><datafield ind1=" " ind2=" " tag="300"><subfield code="a">v.</subfield></datafield><datafield ind1=" " ind2=" " tag="310"><subfield code="a">Monthly</subfield></datafield><datafield ind1=" " ind2=" " tag="321"><subfield code="a">Bimonthly,</subfield><subfield code="b">May-Aug. 1946</subfield></datafield><datafield ind1="0" ind2=" " tag="362"><subfield code="a">Vol. 1, no. 1 (Jan. 1946)-v. 1, no. 6 (Oct. 1946).</subfield></datafield><datafield ind1=" " ind2="0" tag="650"><subfield code="a">Dairying</subfield><subfield code="z">Vermont</subfield><subfield code="v">Newspapers.</subfield></datafield><datafield ind1=" " ind2="0" tag="651"><subfield code="a">Vermont</subfield><subfield code="v">Newspapers.</subfield></datafield><datafield ind1=" " ind2="7" tag="655"><subfield code="a">Newspapers.</subfield><subfield code="2">fast</subfield><subfield code="0">(OCoLC)fst01423814</subfield></datafield><datafield ind1=" " ind2="7" tag="650"><subfield code="a">Dairying.</subfield><subfield code="2">fast</subfield><subfield code="0">(OCoLC)fst00887030</subfield></datafield><datafield ind1=" " ind2="7" tag="651"><subfield code="a">Vermont.</subfield><subfield code="2">fast</subfield><subfield code="0">(OCoLC)fst01204305</subfield></datafield><datafield ind1=" " ind2=" " tag="752"><subfield code="a">United States</subfield><subfield code="b">Vermont</subfield><subfield code="c">Orange</subfield><subfield code="d">Bradford.</subfield></datafield><datafield ind1="0" ind2="0" tag="785"><subfield code="t">Co-op progress</subfield><subfield code="w">(DLC)sn 99067911</subfield><subfield code="w">(OCoLC)41948134</subfield></datafield></record>